@misc{VSC,
  title = {{Visual Studio Code}},
  howpublished = {\url{https://code.visualstudio.com/}},
  Ð°uthor = {Microsoft}
}

@misc {Notepad,
	title = {{Windows Notepad}},
	howpublished = {\url{https://en.wikipedia.org/wiki/Windows_Notepad}},
	author = {Microsoft}
}

@misc {Notepad++,
	title = {{Notepad++}},
	howpublished = {\url{https://notepad-plus-plus.org/}},
	author = {Open Source Community}
}

@misc {VIM,
	title = {{VIM}},
	howpublished = {\url{https://www.vim.org/}},
	author = {Bram Moolenaar}
}

@misc {Emacs,
	title = {{Emacs}},
	howpublished = {\url{https://www.gnu.org/software/emacs/}},
	author = {Open Source Community}
}

@misc {Xi,
	title = {{Xi}},
	howpublished = {\url{https://xi-editor.io/}},
	author = {Open Source Community}
}